@article{snijders1996stochastic,
  title={Stochastic actor-oriented models for network change},
  author={Snijders, Tom AB},
  journal={Journal of mathematical sociology},
  volume={21},
  number={1-2},
  pages={149--172},
  year={1996},
  publisher={Taylor \& Francis}
}

@inproceedings{cottica2016testing,
  title={Testing for the signature of policy in online communities},
  author={Cottica, Alberto and Melan{\c{c}}on, Guy and Renoust, Benjamin},
  booktitle={International Workshop on Complex Networks and their Applications},
  pages={41--54},
  year={2016},
  organization={Springer}
}

@inproceedings{zhang2007expertise,
  title={Expertise networks in online communities: structure and algorithms},
  author={Zhang, Jun and Ackerman, Mark S and Adamic, Lada},
  booktitle={Proceedings of the 16th international conference on World Wide Web},
  pages={221--230},
  year={2007},
  organization={ACM}
}

@article{zanetti2012quantitative,
  title={A quantitative study of social organisation in open source software communities},
  author={Zanetti, Marcelo Serrano and Sarigol, Emre and Scholtes, Ingo and Tessone, Claudio Juan and Schweitzer, Frank},
  journal={arXiv preprint arXiv:1208.4289},
  year={2012}
}

@book{tapscott2008wikinomics,
  title={Wikinomics: How mass collaboration changes everything},
  author={Tapscott, Don and Williams, Anthony D.},
  year={2008},
  publisher={Penguin},
  address={London}
}

@article{stumpf2012critical,
  title={Critical truths about power laws},
  author={Stumpf, Michael PH and Porter, Mason A},
  journal={Science},
  volume={335},
  number={6069},
  pages={665--666},
  year={2012},
  publisher={American Association for the Advancement of Science}
}

@article{stouffer2005comment,
  title={Comment on Barabasi, Nature 435, 207 (2005)},
  author={Stouffer, Daniel B and Malmgren, R Dean and Amaral, Luis AN},
  journal={arXiv preprint physics/0510216},
  year={2005}
}

@incollection{shum2003roots,
  title={The roots of computer supported argument visualization},
  author={Shum, Simon Buckingham},
  booktitle={Visualizing argumentation},
  pages={3--24},
  year={2003},
  publisher={Springer},
  address={London}
}

@book{shirky2008here,
  title={Here comes everybody: The power of organizing without organizations},
  author={Shirky, Clay},
  year={2008},
  publisher={Penguin},
  address={London}
}


@other{slegg2014facebook,
	 author={Slegg, J}, 
	 year={2014},
	 title={Facebook News Feed Algorithm Change Reduces Visibility of Page Updates},
	 url={http://searchenginewatch.com/sew/news/2324814/facebook-news-feed-algorithm-tweak-reduces-visibility-of-page-updates}, 
	 lastvisited={Visited May 2015} 
}

@book{rheingold1993virtual,
  title={The virtual community: Homesteading on the electronic frontier},
  author={Rheingold, Howard},
  year={1993},
  publisher={MIT press},
  address={Cambridge}
}

@article{reed2004double,
  title={The double Pareto-lognormal distributionâ€”a new parametric model for size distributions},
  author={Reed, William J and Jorgensen, Murray},
  journal={Communications in Statistics-Theory and Methods},
  volume={33},
  number={8},
  pages={1733--1753},
  year={2004},
  publisher={Taylor \& Francis}
}

@phdthesis{raford2011large,
  title={Large scale participatory futures systems: a comparative study of online scenario planning approaches},
  author={Raford, Noah},
  year={2011},
  school={Massachusetts Institute of Technology}
}

@book{noveck2009wiki,
  title={Wiki government: how technology can make government better, democracy stronger, and citizens more powerful},
  author={Noveck, Beth Simone Simone},
  year={2009},
  publisher={Brookings Institution Press}
}

@phdthesis{nick2013toward,
  title={Toward a Better Understanding of Evolving Social Networks},
  author={Nick, Bobo},
  year={2013}
}

@article{montroll19821,
  title={On 1/f noise and other distributions with long tails},
  author={Montroll, Elliott W and Shlesinger, Michael F},
  journal={Proceedings of the National Academy of Sciences},
  volume={79},
  number={10},
  pages={3380--3383},
  year={1982},
  publisher={National Acad Sciences}
}

@article{mitzenmacher2004brief,
  title={A brief history of generative models for power law and lognormal distributions},
  author={Mitzenmacher, Michael},
  journal={Internet mathematics},
  volume={1},
  number={2},
  pages={226--251},
  year={2004},
  publisher={Taylor \& Francis}
}

@article{milligan2013patterns,
  title={Patterns of engagement in connectivist MOOCs},
  author={Milligan, Colin and Littlejohn, Allison and Margaryan, Anoush},
  journal={MERLOT Journal of Online Learning and Teaching},
  volume={9},
  number={2},
  year={2013}
}

@article{milgram1967small,
  title={The small world problem},
  author={Milgram, Stanley},
  journal={Psychology today},
  volume={2},
  number={1},
  pages={60--67},
  year={1967},
  publisher={New York}
}

@article{mcwilliam2012building,
  title={Building stronger brands through online communities},
  author={McWilliam, Gil},
  journal={Sloan management review},
  volume={41},
  number={3},
  year={2012}
}

@article{lewis2008tastes,
  title={Tastes, ties, and time: A new social network dataset using Facebook. com},
  author={Lewis, Kevin and Kaufman, Jason and Gonzalez, Marco and Wimmer, Andreas and Christakis, Nicholas},
  journal={Social networks},
  volume={30},
  number={4},
  pages={330--342},
  year={2008},
  publisher={Elsevier}
}

@article{pierre1997collective,
  title={Collective Intelligence: Mankinds Emerging World in Cyberspace},
  author={Pierre, LEVY},
  journal={Cambrigde, Mass.: Perseus Books},
  year={1997}
}

@inproceedings{laniado2011wikipedians,
  title={When the wikipedians talk: Network and tree structure of wikipedia discussion pages.},
  author={Laniado, David and Tasso, Riccardo and Volkovich, Yana and Kaltenbrunner, Andreas},
  booktitle={ICWSM},
  year={2011}
}

@inproceedings{kunegis2013preferential,
  title={Preferential attachment in online networks: measurement and explanations},
  author={Kunegis, J{\'e}r{\^o}me and Blattner, Marcel and Moser, Christine},
  booktitle={Proceedings of the 5th Annual ACM Web Science Conference},
  pages={205--214},
  year={2013},
  organization={ACM}
}

@article{klein2012enabling,
  title={Enabling large-scale deliberation using attention-mediation metrics},
  author={Klein, Mark},
  journal={Computer Supported Cooperative Work (CSCW)},
  volume={21},
  number={4-5},
  pages={449--473},
  year={2012},
  publisher={Springer}
}

@inproceedings{java2007we,
  title={Why we twitter: understanding microblogging usage and communities},
  author={Java, Akshay and Song, Xiaodan and Finin, Tim and Tseng, Belle},
  booktitle={Proceedings of the 9th WebKDD and 1st SNA-KDD 2007 workshop on Web mining and social network analysis},
  pages={56--65},
  year={2007},
  organization={ACM}
}

@article{hodas2014simple,
  title={The simple rules of social contagion},
  author={Hodas, Nathan O and Lerman, Kristina},
  journal={Scientific reports},
  volume={4},
  year={2014},
  publisher={Nature Publishing Group}
}

@article{dorogovtsev2002evolution,
  title={Evolution of networks},
  author={Dorogovtsev, Sergey N. and Mendes, Jose F.F.},
  journal={Advances in physics},
  volume={51},
  number={4},
  pages={1079--1187},
  year={2002},
  publisher={Taylor \& Francis}
}

@Inbook{diplaris2011emerging,
author="Diplaris, Sotiris
and Sonnenbichler, Andreas
and Kaczanowski, Tomasz
and Mylonas, Phivos
and Scherp, Ansgar
and Janik, Maciej
and Papadopoulos, Symeon
and Ovelgoenne, Michael
and Kompatsiaris, Yiannis",
editor="Bessis, Nik
and Xhafa, Fatos",
title="Emerging, Collective Intelligence for Personal, Organisational and Social Use",
bookTitle="Next Generation Data Technologies for Collective Computational Intelligence",
year="2011",
publisher="Springer Berlin Heidelberg",
address="Berlin, Heidelberg",
pages="527--573",
isbn="978-3-642-20344-2"
}

@article{de2012contested,
  title={Contested collective intelligence: Rationale, technologies, and a human-machine annotation study},
  author={De Liddo, Anna and S{\'a}ndor, {\'A}gnes and Shum, Simon Buckingham},
  journal={Computer Supported Cooperative Work (CSCW)},
  volume={21},
  number={4-5},
  pages={417--448},
  year={2012},
  publisher={Springer}
}

@book{cottica2010wikicrazia,
  title={Wikicrazia: l'azione di governo al tempo della rete: capirla, progettarla, viverla da protagonista},
  author={Cottica, Alberto},
  year={2010},
  publisher={Navarra}
}

@article{clauset2004finding,
  title={Finding community structure in very large networks},
  author={Clauset, Aaron and Newman, Mark EJ and Moore, Cristopher},
  journal={Physical review E},
  volume={70},
  number={6},
  pages={066111},
  year={2004},
  publisher={APS}
}

@article{clauset2009power,
  title={Power-law distributions in empirical data},
  author={Clauset, Aaron and Shalizi, Cosma Rohilla and Newman, Mark EJ},
  journal={SIAM review},
  volume={51},
  number={4},
  pages={661--703},
  year={2009},
  publisher={SIAM}
}

@article{champernowne1953model,
  title={A model of income distribution},
  author={Champernowne, David G},
  journal={The Economic Journal},
  pages={318--351},
  year={1953},
  publisher={JSTOR}
}

@book{burt2009structural,
  title={Structural holes: The social structure of competition},
  author={Burt, Ronald S},
  year={2009},
  publisher={Harvard university press},
  address={Cambridge}
}

@article{borgatti2009network,
  title={Network analysis in the social sciences},
  author={Borgatti, Stephen P and Mehra, Ajay and Brass, Daniel J and Labianca, Giuseppe},
  journal={science},
  volume={323},
  number={5916},
  pages={892--895},
  year={2009},
  publisher={American Association for the Advancement of Science}
}

@article{blondel2008fast,
  title={Fast unfolding of communities in large networks},
  author={Blondel, Vincent D and Guillaume, Jean-Loup and Lambiotte, Renaud and Lefebvre, Etienne},
  journal={Journal of Statistical Mechanics: Theory and Experiment},
  volume={2008},
  number={10},
  pages={P10008},
  year={2008},
  publisher={IOP Publishing}
}

@article{bianconi2001competition,
  title={Competition and multiscaling in evolving networks},
  author={Bianconi, Ginestra and Barab{\'a}si, A-L},
  journal={EPL (Europhysics Letters)},
  volume={54},
  number={4},
  pages={436},
  year={2001},
  publisher={IOP Publishing}
}

@article{barabasi1999mean,
  title={Mean-field theory for scale-free random networks},
  author={Barab{\'a}si, Albert-L{\'a}szl{\'o} and Albert, R{\'e}ka and Jeong, Hawoong},
  journal={Physica A: Statistical Mechanics and its Applications},
  volume={272},
  number={1},
  pages={173--187},
  year={1999},
  publisher={Elsevier}
}

@article{barabasi1999emergence,
  title={Emergence of scaling in random networks},
  author={Barab{\'a}si, Albert-L{\'a}szl{\'o} and Albert, R{\'e}ka},
  journal={science},
  volume={286},
  number={5439},
  pages={509--512},
  year={1999},
  publisher={American Association for the Advancement of Science}
}

@article{barabasi2005origin,
  title={The origin of bursts and heavy tails in human dynamics},
  author={Barabasi, Albert-Laszlo},
  journal={Nature},
  volume={435},
  number={7039},
  pages={207--211},
  year={2005},
  publisher={Nature Publishing Group}
}

@article{barabasi2005reply,
  title={Reply to Comment on" The origin of bursts and heavy tails in human dynamics"},
  author={Barab{\'a}si, A-L and Goh, K-I and V{\'a}zquez, A},
  journal={arXiv preprint physics/0511186},
  year={2005}
}

@article{alstott2014powerlaw,
  title={powerlaw: a Python package for analysis of heavy-tailed distributions},
  author={Alstott, Jeff and Bullmore, Ed and Plenz, Dietmar},
  journal={PLoS One},
  volume={9},
  number={1},
  pages={e85777},
  year={2014},
  publisher={Public Library of Science}
}

@inproceedings{grabowicz2013distinguishing,
  title={Distinguishing topical and social groups based on common identity and bond theory},
  author={Grabowicz, Przemyslaw A and Aiello, Luca Maria and Egu{\'\i}luz, V{\'\i}ctor M and Jaimes, Alejandro},
  booktitle={Proceedings of the sixth ACM international conference on Web search and data mining},
  pages={627--636},
  year={2013},
  organization={ACM}
}

@inproceedings{leskovec2008planetary,
  title={Planetary-scale views on a large instant-messaging network},
  author={Leskovec, Jure and Horvitz, Eric},
  booktitle={Proceedings of the 17th international conference on World Wide Web},
  pages={915--924},
  year={2008},
  organization={ACM}
}

@article{hodas2014simple,
  title={The simple rules of social contagion},
  author={Hodas, Nathan O and Lerman, Kristina},
  journal={Scientific reports},
  volume={4},
  pages={4343},
  year={2014},
  publisher={Nature Publishing Group}
}

@book{kraut2012building,
  title={Building successful online communities: Evidence-based social design},
  author={Kraut, Robert E and Resnick, Paul and Kiesler, Sara and Burke, Moira and Chen, Yan and Kittur, Niki and Konstan, Joseph and Ren, Yuqing and Riedl, John},
  year={2012},
  publisher={MIT Press},
  isbn = {0262016575, 9780262016575},
  address = {Cambridge, Massachusetts, USA}
}
